@online{Snake,
author = {Wikipedia},
title = {{Snake(video game)}},
url = {<https://en.wikipedia.org/wiki/Snake_(video_game)>}
}

@online{Assembly,
author = {Wikipedia},
title = {Assembly Language},
url = {<https://en.wikipedia.org/wiki/Assembly_language>}
}

@online{cc,
author = {{Confect's code}},
title = {{MIPS}: Snake and Primlib}, 
url = {<https://dtconfect.wordpress.com/projects/year2/mips-snake-and-primlib/>}
}

@online{lc,
title = {{Linear Congruential Generator}},
url = {<https://en.wikipedia.org/wiki/Linear_congruential_generator>},
urldate = {2015-12-13},
note="[Último acesso em: 13 de Dezembro de 2015]"
}

@online{xm,
author = {Xiannong, Meng},
title = {{Linear Congruential Method}}, 
url = {<http://www.eg.bucknell.edu/~xmeng/Course/CS6337/Note/master/node40.html>},
urldate = {2016-12-13},
note="[Último acesso em: 13 de Dezembro de 2015]"
}


@book{patterson2005organizaccao,
  title={Organização e projeto de Computadores: A Interface software/hardware, 3{\textordfeminine} edição},
  author={Patterson, David A and Hennessy, John L},
  publisher={Elsevier},
  year={2005}
}


@book{hennessy2011computer,
  title={Computer architecture: a quantitative approach},
  author={Hennessy, John L and Patterson, David A},
  year={2011},
  publisher={Elsevier}
}

@misc{stallings2010arquitetura,
  title={Arquitetura e Organização de Computadores, 8a Edição},
  author={Stallings, William},
  year={2010},
  publisher={Prentice-Hall, Pearson}
}


@misc{tanenbaumorganizaccao,
  title={Organização Estruturada de Computadores, 5{\textordfeminine} Edição},
  author={Tanenbaum, Andrew S},
  year={2007},
  publisher={Prentice Hall}
}


@online{MIPS,
  author = {{Imagination Technologies}},
  title = {{MIPS} Processor},
  url = {https://imgtec.com/mips/},
  urldate = {2016-06-01}
}

@online{HST,
  author = {{MultiMedia LLC}},
  title = {{HowStuffWorks - Learn How Everything Works!}},
  url = {http://www.howstuffworks.com/},
  urldate = {2015-12-30}
}

@online{Shafferman,
  author = {Shafferman, S., and Deas, E. },
  title = {{MIPS}: Snake and PrimLib. Retrieved},
  url = {https://dtconfect.wordpress.com/projects/year2/mips-snake-and-primlib/},
  urldate = {2015-12-10}
}


@book{hamacher2002computer,
  title={Computer organization},
  author={Hamacher, Carl and Vranesic, Zvonko and Zaky, Safwat},
  year={2002},
  publisher={McGraw-Hill}
}

@book{monteiro2000introduccao,
  title={Introdução à organização de computadores},
  author={Monteiro, Mário A},
  year={2000},
  publisher={Grupo Gen-LTC}
}

@article{Mars1,
  title={A {MIPS} assembly language simulator designed for education},
  author={Vollmar, Kenneth and Sanderson, Pete},
  journal={Journal of Computing Sciences in Colleges},
  volume={21},
  number={1},
  pages={95--101},
  year={2005},
  publisher={Consortium for Computing Sciences in Colleges}
}

@inproceedings{Mars2,
  title={{MARS}: an education-oriented MIPS assembly language simulator},
  author={Vollmar, Kenneth and Sanderson, Pete},
  booktitle={ACM SIGCSE Bulletin},
  volume={38},
  number={1},
  pages={239--243},
  year={2006},
  organization={ACM}
}

@online{MarsURL,
  author = {Vollmar, Kenneth and Sanderson, Pete},
  title = {{MARS} ({MIPS} Assembler and Runtime Simulator)},
  url = {http://courses.missouristate.edu/kenvollmar/mars//},
  urldate = {2015-12-30}
}


@online{mu,
  author = {{Altera Corporation}},
  title = {Altera {DE2-70} Board},
  url = {http://www.terasic.com.tw/cgi-bin/page/archive.pl?Language=English&CategoryNo=39&No=30},
  urldate = {2015-12-30}
}

@misc{Alt,
	author = {{Altera Corporation}},
	note = {http://www.altera.com/education/univ /materials/boards/de2/unv-de2-board.html [Accessed in 10/05/2012]},
	title = {{DE2-70} Development Board}
}

@manual{altera12,
	author = {{Altera Corporation}},
	note = {https://www.altera.com/ download/software/quartus-ii-we [Accessed in 10/05/2012]},
	title = {{Quartus II Web Edition Software Manual}}
}

@book{russell12,
	author = {Russell, R. C. J.},
	publisher = {VSD},
	title = {Video Graphics Array},
	year = 2012
}


@manual{Alt07,
  author = {{Altera Corporation}},
	note = {User Manual},
	title = {{DE2} {D}evelopment and {E}ducation {B}oard},
	year = 2007
}

